<record><leader>00000cas a22000007a 4500</leader><controlfield tag="001">19597158</controlfield><controlfield tag="008">890425d18371840pauwr ne      0    0eng d</controlfield><datafield ind1=" " ind2=" " tag="010"><subfield code="a">sn 89077552 </subfield></datafield><datafield ind1=" " ind2=" " tag="040"><subfield code="a">NPH</subfield><subfield code="b">eng</subfield><subfield code="c">NPH</subfield><subfield code="d">OCLCQ</subfield></datafield><datafield ind1=" " ind2=" " tag="042"><subfield code="a">msc</subfield></datafield><datafield ind1="0" ind2=" " tag="130"><subfield code="a">Columbia spy (Columbia, Pa. : 1837)</subfield></datafield><datafield ind1="1" ind2="4" tag="245"><subfield code="a">The Columbia spy.</subfield></datafield><datafield ind1="1" ind2="3" tag="246"><subfield code="a">Columbia spy and Lancaster and York County record</subfield></datafield><datafield ind1=" " ind2=" " tag="260"><subfield code="a">Columbia, Pa. :</subfield><subfield code="b">E. Beatty &amp; Co.</subfield></datafield><datafield ind1=" " ind2=" " tag="300"><subfield code="a">v. ;</subfield><subfield code="c">60 cm.</subfield></datafield><datafield ind1=" " ind2=" " tag="310"><subfield code="a">Weekly</subfield></datafield><datafield ind1="1" ind2=" " tag="362"><subfield code="a">Began in 1837; ceased in l840.</subfield></datafield><datafield ind1=" " ind2=" " tag="588"><subfield code="a">Description based on: Vol. 8, no. 19 (Nov. 11, 1837).</subfield></datafield><datafield ind1=" " ind2=" " tag="752"><subfield code="a">United States</subfield><subfield code="b">Pennsylvania</subfield><subfield code="c">Lancaster</subfield><subfield code="d">Columbia.</subfield></datafield><datafield ind1="0" ind2="0" tag="780"><subfield code="t">Columbia spy, and Lancaster and York County record (Columbia, Pa. : 1833)</subfield><subfield code="w">(DLC)sn 86053376</subfield></datafield><datafield ind1="0" ind2="0" tag="785"><subfield code="t">Columbia spy and Lancaster and York County Democrat</subfield><subfield code="w">(DLC)sn 86071307</subfield></datafield></record>